@misc{yukterezKerr,
  title={http://notizblock.yukterez.net/viewtopic.php?p=88},
  url={http://notizblock.yukterez.net/viewtopic.php?t=88},
  author={Simon, Tyran},
  year={2019},
  month={mar}
} 

@article{penrose1971extraction,
  title={Extraction of rotational energy from a black hole},
  author={Penrose, Roger and Floyd, RM},
  journal={Nature Physical Science},
  volume={229},
  number={6},
  pages={177--179},
  year={1971},
  publisher={Nature Publishing Group}
}

@article{teo2003spherical,
  title={Spherical photon orbits around a Kerr black hole},
  author={Teo, Edward},
  journal={General Relativity and Gravitation},
  volume={35},
  number={11},
  pages={1909--1926},
  year={2003},
  publisher={Springer}
}

@article{bardeen1973timelike,
  title={Timelike and null geodesics in the Kerr metric},
  author={Bardeen, James M},
  journal={Black Holes, Les Houches lecture notes},
  volume={215},
  year={1973},
  publisher={Gordon and Breach New York}
}

@article{james2015gravitational,
  title={Gravitational lensing by spinning black holes in astrophysics, and in the movie Interstellar},
  author={James, Oliver and von Tunzelmann, Eug{\'e}nie and Franklin, Paul and Thorne, Kip S},
  journal={Classical and Quantum Gravity},
  volume={32},
  number={6},
  pages={065001},
  year={2015},
  publisher={IOP Publishing}
}