@movie{interstellar,
  title =   {Interstellar},
  producer= {Emma Thomas, Christopher Nolan, Lynda Obst},
  director = {Christopher Nolan},
  year = {2014},
  publisher = {International: Warner Bros. Pictures}
}

@article{event2019first,
  title={First M87 event horizon telescope results. I. The shadow of the supermassive black hole},
  author={Event Horizon Telescope Collaboration and others},
  journal={arXiv preprint arXiv:1906.11238},
  year={2019}
}

@online{geodesic, 
    author = {Wikipedia},
    title = {Geodesic},
    year = {2004},
    url = {https://en.wikipedia.org/wiki/Geodesic},
    urldate = {2021-11-10}
}

@article{albert1916foundation,
  title={The foundation of the general theory of relativity},
  author={Albert, Einstein and Perrett, W and Jeffery, GB},
  journal={Annalen der Physik},
  volume={354},
  pages={769},
  year={1916}
}

@online{derivationSchwarzschild, 
    author = {Wikipedia},
    title = {Derivation of the Schwarzschild solution},
    year = {2008},
    url = {https://en.wikipedia.org/wiki/Derivation\_of\_the\_Schwarzschild\_solution},
    urldate = {2021-03-08}
}

@article{2020SciPy-NMeth,
  author  = {SciPy 1.0 Contributors et al.},
  title   = {SciPy 1.0: Fundamental Algorithms for Scientific
            Computing in Python},
  journal = {Nature Methods},
  year    = {2020},
  volume  = {17},
  pages   = {261--272},
  adsurl  = {https://rdcu.be/b08Wh},
  doi     = {10.1038/s41592-019-0686-2},
}

@book{fehlberg1969low,
  title={Low-order classical Runge-Kutta formulas with stepsize control and their application to some heat transfer problems},
  author={Fehlberg, Erwin},
  volume={315},
  year={1969},
  publisher={National aeronautics and space administration}
}

@article{hindmarsh2005lsoda,
  title={LSODA, ordinary differential equation solver for stiff or non-stiff system},
  author={Hindmarsh, AC and Petzold, LR},
  year={2005}
}

@article{raquepas2017topics,
  title={Topics Geometry and Topology--MATH 599 Visualization of Kerr black holes},
  author={Raqu{\'e}pas, Renaud and Schulz, Erick},
  year={2017}
}
