@article { example,
	 AUTHOR = {Body, Some and Other, An},
	  TITLE = {An example article},
	JOURNAL = {J. Ex.},
	   YEAR = {2017},
	  PAGES = {1--2},
	  ISSUE = {1},
	    DOI = {10something/fakedoi},
	 EPRINT = {notreal/1234},
}

@article{hindmarsh2005lsoda,
  title={LSODA, ordinary differential equation solver for stiff or non-stiff system},
  author={Hindmarsh, AC and Petzold, LR},
  year={2005}
}
@book{fehlberg1969low,
  title={Low-order classical Runge-Kutta formulas with stepsize control and their application to some heat transfer problems},
  author={Fehlberg, Erwin},
  volume={315},
  year={1969},
  publisher={National aeronautics and space administration}
}